<?xml version="1.0" encoding="UTF-8"?><collection xmlns="http://www.loc.gov/MARC21/slim"><record><leader>00432nam--2200145-i-4500</leader><controlfield tag="001">000017858</controlfield><controlfield tag="002">20161230</controlfield><controlfield tag="005">20161230201032</controlfield><controlfield tag="008">060222s1000------------r-----000-0-eng-d</controlfield><datafield ind1=" " ind2=" " tag="080"><subfield code="a">621.3.049.774</subfield></datafield><datafield ind1=" " ind2=" " tag="100"><subfield code="a">Bodea, M. /S.A.</subfield></datafield><datafield ind1=" " ind2=" " tag="245"><subfield code="a">Circuite integrate liniare. manual de utiliza re</subfield></datafield><datafield ind1=" " ind2=" " tag="260"><subfield code="a">Bucuresti, Ed.Tehnica, 1984. 292 P</subfield></datafield><datafield ind1=" " ind2=" " tag="490"><subfield code="a">Seria Practica: Automatica, Informatica, Elec Tronica, Managements</subfield></datafield><datafield ind1=" " ind2=" " tag="852"><subfield code="a">71663</subfield></datafield></record></collection>